<record xmlns="http://www.loc.gov/MARC21/slim" xmlns:xsi="http://www.w3.org/2001/XMLSchema-instance" xsi:schemaLocation="http://www.loc.gov/MARC21/slim http://www.loc.gov/standards/marcxml/schema/MARC21slim.xsd"><leader>02253nam a2200385   4500</leader><controlfield tag="001">3068455</controlfield><controlfield tag="003">NNC</controlfield><controlfield tag="006">m        d        </controlfield><controlfield tag="007">cr cn |||m|||a</controlfield><controlfield tag="008">150110s1930    sy h    o     000 0 ara  </controlfield><datafield ind1=" " ind2=" " tag="040"><subfield code="a">NNU</subfield><subfield code="b">eng</subfield><subfield code="e">rda</subfield><subfield code="c">NNU</subfield></datafield><datafield ind1=" " ind2=" " tag="043"><subfield code="a">aw-----</subfield><subfield code="a">ff-----</subfield></datafield><datafield ind1=" " ind2="4" tag="050"><subfield code="a">D198.2</subfield><subfield code="b">.S18 1930</subfield></datafield><datafield ind1="1" ind2=" " tag="100"><subfield code="6">880-01</subfield><subfield code="a">Sakha&#772;wi&#772;, Muh&#803;ammad ibn &#699;Abd al-Rah&#803;ma&#772;n,</subfield><subfield code="d">1427 or 1428-1497.</subfield></datafield><datafield ind1="1" ind2="3" tag="245"><subfield code="6">880-02</subfield><subfield code="a">al-I&#699;la&#772;n bi-al-tawbi&#772;kh li-man dhamma al-ta&#772;ri&#772;kh /</subfield><subfield code="c">ta&#700;li&#772;f Shams al-Di&#772;n Muh&#803;ammad ibn &#699;Abd al-Rah&#803;ma&#772;n al-Sakha&#772;wi&#772; ; &#699;an nuskhatay Khiza&#772;nat Ah&#803;mad Ba&#772;sha&#772; Taymu&#772;r.</subfield></datafield><datafield ind1=" " ind2=" " tag="260"><subfield code="6">880-03</subfield><subfield code="a">Dimashq :</subfield><subfield code="b">al-Qudsi&#772;,</subfield><subfield code="c">1349 [1930 or 31]</subfield></datafield><datafield ind1=" " ind2=" " tag="300"><subfield code="a">online resource (175 pages) :</subfield><subfield code="b">facsimile</subfield></datafield><datafield ind1=" " ind2=" " tag="336"><subfield code="a">text</subfield><subfield code="2">rdacontent</subfield></datafield><datafield ind1=" " ind2=" " tag="337"><subfield code="a">computer</subfield><subfield code="2">rdamedia</subfield></datafield><datafield ind1=" " ind2=" " tag="338"><subfield code="a">online resource</subfield><subfield code="2">rdacarrier</subfield></datafield><datafield ind1=" " ind2=" " tag="500"><subfield code="a">Part of the Arabic Collections Online (ACO) project, contributed by Columbia University Libraries.</subfield></datafield><datafield ind1=" " ind2=" " tag="533"><subfield code="a">Electronic reproduction.</subfield><subfield code="b">New York, N.Y. :</subfield><subfield code="c">New York University,</subfield><subfield code="d">2015.</subfield><subfield code="5">NNU</subfield></datafield><datafield ind1=" " ind2="0" tag="651"><subfield code="a">Islamic Empire</subfield><subfield code="x">Historiography.</subfield></datafield><datafield ind1=" " ind2="7" tag="650"><subfield code="a">Historiography.</subfield><subfield code="2">fast</subfield><subfield code="0">(OCoLC)fst00958221</subfield></datafield><datafield ind1=" " ind2="7" tag="651"><subfield code="a">Islamic Empire.</subfield><subfield code="2">fast</subfield><subfield code="0">(OCoLC)fst01244134</subfield></datafield><datafield ind1="2" ind2=" " tag="710"><subfield code="a">Columbia University.</subfield><subfield code="b">Libraries.</subfield></datafield><datafield ind1="0" ind2=" " tag="730"><subfield code="a">Arabic Collections Online.</subfield></datafield><datafield ind1="0" ind2="8" tag="776"><subfield code="i">Online version:</subfield><subfield code="a">Sakha&#772;wi&#772;, Muh&#803;ammad ibn &#699;Abd al-Rah&#803;ma&#772;n, 1427 or 8-1497.</subfield><subfield code="t">I&#699;la&#772;n bi-al-tawbi&#772;kh li-man dhamma al-ta&#772;ri&#772;kh.</subfield><subfield code="d">Dimashq, al-Qudsi&#772; 1349 [1930 or 31]</subfield><subfield code="w">(OCoLC)651985756</subfield></datafield><datafield ind1="0" ind2="8" tag="776"><subfield code="i">Print version:</subfield><subfield code="a">Sakha&#772;wi&#772;, Muh&#803;ammad ibn &#699;Abd al-Rah&#803;ma&#772;n, 1427 or 1428-1497.</subfield><subfield code="t">al-I&#699;la&#772;n bi-al-tawbi&#772;kh li-man dhamma al-ta&#772;ri&#772;kh</subfield><subfield code="w">(NNC)3068455</subfield><subfield code="w">(DLC)ne 68001434 </subfield><subfield code="w">(OCoLC)22482393</subfield></datafield><datafield ind1="4" ind2="0" tag="856"><subfield code="u">http://hdl.handle.net/2333.1/tdz08nnf</subfield></datafield><datafield ind1="1" ind2=" " tag="880"><subfield code="6">100-01/r</subfield><subfield code="a">&#1587;&#1582;&#1575;&#1608;&#1610;&#1548; &#1605;&#1581;&#1605;&#1583; &#1576;&#1606; &#1593;&#1576;&#1583; &#1575;&#1604;&#1585;&#1581;&#1605;&#1606;&#1548;,</subfield><subfield code="d">1427 or 1428-1497.</subfield></datafield><datafield ind1="1" ind2="2" tag="880"><subfield code="6">245-02/r</subfield><subfield code="a">&#1575;&#1604;&#1575;&#1593;&#1604;&#1575;&#1606; &#1576;&#1575;&#1604;&#1578;&#1608;&#1576;&#1610;&#1582; &#1604;&#1605;&#1606; &#1584;&#1605; &#1575;&#1604;&#1578;&#1575;&#1585;&#1610;&#1582; /</subfield><subfield code="c">&#1578;&#1571;&#1604;&#1610;&#1601; &#1588;&#1605;&#1587; &#1575;&#1604;&#1583;&#1610;&#1606; &#1605;&#1581;&#1605;&#1583; &#1576;&#1606; &#1593;&#1576;&#1583; &#1575;&#1604;&#1585;&#1581;&#1605;&#1606; &#1575;&#1604;&#1587;&#1582;&#1575;&#1608;&#1610; &#1563; &#1593;&#1606; &#1606;&#1587;&#1582;&#1578;&#1610; &#1582;&#1586;&#1575;&#1606;&#1577; &#1575;&#1581;&#1605;&#1583; &#1576;&#1575;&#1588;&#1575; &#1578;&#1610;&#1605;&#1608;&#1585;.</subfield></datafield><datafield ind1=" " ind2=" " tag="880"><subfield code="6">260-03/r</subfield><subfield code="a">&#1583;&#1605;&#1588;&#1602; :</subfield><subfield code="b">&#1575;&#1604;&#1602;&#1583;&#1587;&#1610;&#1548;</subfield><subfield code="c">1349 [1930 or 31]</subfield></datafield><datafield ind1=" " ind2=" " tag="959"><subfield code="a">NNU</subfield><subfield code="b">WEB</subfield><subfield code="c">GENI</subfield><subfield code="t">0</subfield><subfield code="m">Electronic access</subfield><subfield code="s">01</subfield></datafield><datafield ind1=" " ind2=" " tag="999"><subfield code="i">NNC_3068455</subfield><subfield code="o">(OCoLC)ocm22482393 </subfield></datafield></record>